@inproceedings{buades2005non,
  title={A non-local algorithm for image denoising},
  author={Buades, Antoni and Coll, Bartomeu and Morel, J-M},
  booktitle={Computer Vision and Pattern Recognition, 2005. CVPR 2005. IEEE Computer Society Conference on},
  volume={2},
  pages={60--65},
  year={2005},
  organization={IEEE}
}

@article{otsu1975threshold,
  title={A threshold selection method from gray-level histograms},
  author={Otsu, Nobuyuki},
  journal={Automatica},
  volume={11},
  number={285-296},
  pages={23--27},
  year={1975}
}

@inproceedings{tomasi1998bilateral,
  title={Bilateral filtering for gray and color images},
  author={Tomasi, Carlo and Manduchi, Roberto},
  booktitle={Computer Vision, 1998. Sixth International Conference on},
  pages={839--846},
  year={1998},
  organization={IEEE}
}

@inproceedings{paris2008,
 author = {Paris, Sylvain and Kornprobst, Pierre and Tumblin, Jack and Durand, Fr{\'e}do},
 title = {A Gentle Introduction to Bilateral Filtering and Its Applications},
 booktitle = {ACM SIGGRAPH 2008 Classes},
 series = {SIGGRAPH '08},
 year = {2008},
 location = {Los Angeles, California},
 pages = {1:1--1:50},
 articleno = {1},
 numpages = {50},
 url = {http://doi.acm.org/10.1145/1401132.1401134},
 doi = {10.1145/1401132.1401134},
 acmid = {1401134},
 publisher = {ACM},
 address = {New York, NY, USA},
} 

@INPROCEEDINGS{kovesi,
author={Kovesi, P.},
booktitle={Digital Image Computing: Techniques and Applications (DICTA), 2010 International Conference on},
title={Fast Almost-Gaussian Filtering},
year={2010},
pages={121-125},
keywords={Gaussian processes;approximation theory;band-pass filters;image processing;Gaussian bandpass filters;fast almost-Gaussian filtering;image averaging;integral images;log-Gabor filters;separable moving average filters;summed area tables;symmetric transfer function;Approximation methods;Bandwidth;Computer vision;Frequency domain analysis;Laplace equations;Pixel;Transfer functions;Difference of Gaussian filtering;Gaussian smoothing},
doi={10.1109/DICTA.2010.30},}
